<?xml version="1.0" encoding="UTF-8"?><record xmlns="http://www.loc.gov/MARC21/slim" xmlns:cinclude="http://apache.org/cocoon/include/1.0" xmlns:zs="http://www.loc.gov/zing/srw/">
  <leader>00476nz  a2200121n  4500</leader>
  <controlfield tag="001">nr2005016352</controlfield>
  <controlfield tag="003">DLC</controlfield>
  <controlfield tag="005">20050805033117.0</controlfield>
  <controlfield tag="008">050715n| acannaabn          |n aaa     c</controlfield>
  <datafield tag="010" ind1=" " ind2=" ">
    <subfield code="a">nr2005016352</subfield>
  </datafield>
  <datafield tag="040" ind1=" " ind2=" ">
    <subfield code="a">NN-PD</subfield>
    <subfield code="b">eng</subfield>
    <subfield code="c">NN-PD</subfield>
  </datafield>
  <datafield tag="100" ind1="1" ind2=" ">
    <subfield code="a">Faure, Julien</subfield>
  </datafield>
  <datafield tag="670" ind1=" " ind2=" ">
    <subfield code="a">Isabella's room [VR] c2004:</subfield>
    <subfield code="b">credits &amp; accomp. house program (Julien Faure; performer, choreographer; b. in France; studied performing arts at INSAS in Brussels, 1995-1998; first collaborated with Needcompany in 2002)</subfield>
  </datafield>
</record>